@article{lison2015developing,
  title={Developing spoken dialogue systems with the {OpenDial} toolkit},
  author={Lison, Pierre and Kennington, Casey},
  journal={SEMDIAL 2015 goDIAL},
  pages={194},
  year={2015}
}

@article{lison2016opendial,
  title={{OpenDial}: A toolkit for developing spoken dialogue systems with probabilistic rules},
  author={Lison, Pierre and Kennington, Casey},
  journal={Proceedings of ACL-2016 System Demonstrations},
  pages={67--72},
  year={2016}
}

@article{bohus2009ravenclaw,
  title={The {RavenClaw} dialog management framework: Architecture and systems},
  author={Bohus, Dan and Rudnicky, Alexander I},
  journal={Computer Speech \& Language},
  volume={23},
  number={3},
  pages={332--361},
  year={2009},
  publisher={Elsevier}
}

@inproceedings{nesselrath2014siam,
  title={{SiAM-dp}: A platform for the model-based development of context-aware multimodal dialogue applications},
  author={Ne{\ss}elrath, Robert and Feld, Michael},
  booktitle={Intelligent Environments (IE), 2014 International Conference on},
  pages={162--169},
  year={2014},
  organization={IEEE}
}

@inproceedings{baumann2012inprotk,
  title={The {INPROTK} 2012 release},
  author={Baumann, Timo and Schlangen, David},
  booktitle={NAACL-HLT Workshop on Future Directions and Needs in the Spoken Dialog Community: Tools and Data},
  pages={29--32},
  year={2012},
  organization={Association for Computational Linguistics}
}

@article{kennington2014inprotks,
  title={{Inprotks}: A toolkit for incremental situated processing},
  author={Kennington, Casey and Kousidis, Spyros and Schlangen, David},
  journal={Proceedings of SIGdial 2014: Short Papers},
  year={2014}
}

@inproceedings{skantze2012iristk,
  title={{IrisTK}: a statechart-based toolkit for multi-party face-to-face interaction},
  author={Skantze, Gabriel and Al Moubayed, Samer},
  booktitle={Proceedings of the 14th ACM international conference on Multimodal interaction},
  pages={69--76},
  year={2012},
  organization={ACM}
}

@article{gebhard2012visual,
  title={{Visual SceneMaker}—a tool for authoring interactive virtual characters},
  author={Gebhard, Patrick and Mehlmann, Gregor and Kipp, Michael},
  journal={Journal on Multimodal User Interfaces},
  volume={6},
  number={1-2},
  pages={3--11},
  year={2012},
  publisher={Springer}
}

@article{young2013pomdp,
  title={{POMDP}-based statistical spoken dialog systems: A review},
  author={Young, Steve and Ga{\v{s}}i{\'c}, Milica and Thomson, Blaise and Williams, Jason D},
  journal={Proceedings of the IEEE},
  volume={101},
  number={5},
  pages={1160--1179},
  year={2013},
  publisher={IEEE}
}

@BOOKLET{palWebsite,
title = {The {PAL} {Project} {Website}},
author = {PAL},
year = {2018},
url = {http://www.pal4u.eu/},
howpublished ={http://www.pal4u.eu/},
note = {Last access: 11.10.2017}
}

@inproceedings{schwartz2016hybrid,
  title={Hybrid teams: flexible collaboration between humans, robots and virtual agents},
  author={Schwartz, Tim and Zinnikus, Ingo and Krieger, Hans-Ulrich and B{\"u}rckert, Christian and Folz, Joachim and Kiefer, Bernd and Hevesi, Peter and L{\"u}th, Christoph and Pirkl, Gerald and Spieldenner, Torsten and others},
  booktitle={German Conference on Multiagent System Technologies},
  pages={131--146},
  year={2016},
  organization={Springer}
}

@article{kruijff2015tradr,
  title={{TRADR} project: Long-term human-robot teaming for robot assisted disaster response},
  author={Kruijff-Korbayov{\'a}, Ivana and Colas, Francis and Gianni, Mario and Pirri, Fiora and de Greeff, Joachim and Hindriks, Koen and Neerincx, Mark and {\"O}gren, Petter and Svoboda, Tom{\'a}{\v{s}} and Worst, Rainer},
  journal={KI-K{\"u}nstliche Intelligenz},
  volume={29},
  number={2},
  pages={193--201},
  year={2015},
  publisher={Springer}
}

@article{ultes2017pydial,
  title={Pydial: A multi-domain statistical dialogue system toolkit},
  author={Ultes, Stefan and Barahona, Lina M Rojas and Su, Pei-Hao and Vandyke, David and Kim, Dongho and Casanueva, Inigo and Budzianowski, Pawe{\l} and Mrk{\v{s}}i{\'c}, Nikola and Wen, Tsung-Hsien and Gasic, Milica and others},
  journal={Proceedings of ACL 2017, System Demonstrations},
  pages={73--78},
  year={2017}
}

@inproceedings{jurvcivcek2014alex,
  title={Alex: A statistical dialogue systems framework},
  author={Jur{\v{c}}{\'\i}{\v{c}}ek, Filip and Du{\v{s}}ek, Ond{\v{r}}ej and Pl{\'a}tek, Ond{\v{r}}ej and {\v{Z}}ilka, Luk{\'a}{\v{s}}},
  booktitle={International Conference on Text, Speech, and Dialogue},
  pages={587--594},
  year={2014},
  organization={Springer}
}

@inproceedings{Krieger&Willms:LangOnto2015,
  author    = {Hans-Ulrich Krieger and Christian Willms},
  title     = {Extending {OWL} Ontologies by {Cartesian} Types to Represent {N}-ary
               Relations in Natural Language},
  booktitle = {Proceedings of the IWCS Workshop on Language and Ontologies},
  year      = 2015
}

 @inproceedings{Krieger:FOIS2012,
  author    = {Hans-Ulrich Krieger},
  title     = {A Temporal Extension of the {Hayes/ter Horst} Entailment Rules and an
               Alternative to {W3C's} N-ary Relations},
  booktitle = {Proceedings of the 7th International Conference on Formal Ontology in
               Information Systems (FOIS)},
  pages     = "323--336",
  year      = 2012
}

@inproceedings{Krieger&Kruijff:AAAISS11,
  author    = {Hans-Ulrich Krieger and Geert-Jan M.\ Kruijff},
  title     = {Combining Uncertainty and Description Logic Rule-Based Reasoning in
               Situation-Aware Robots},
  booktitle = {Proceedings of the {AAAI} 2011 Spring Symposium ``Logical
               Formalizations of Commonsense Reasoning''},
  year      = 2011
}

@inproceedings{krieger2014detailed,
  title={A detailed comparison of seven approaches for the annotation of time-dependent factual knowledge in RDF and OWL},
  author={Krieger, Hans-Ulrich},
  booktitle={Proceedings 10th Joint ISO-ACL SIGSEM Workshop on Interoperable Semantic Annotation},
  year={2014}
}

@inproceedings{bunt2012iso,
  title={{ISO 24617-2}: A semantically-based standard for dialogue annotation.},
  author={Bunt, Harry and Alexandersson, Jan and Choe, Jae-Woong and Fang, Alex Chengyu and Hasida, Koiti and Petukhova, Volha and Popescu-Belis, Andrei and Traum, David R},
  booktitle={LREC},
  pages={430--437},
  year={2012},
  organization={Citeseer}
}

@book{ruppenhofer2016framenet,
  title={FrameNet II: Extended theory and practice},
  author={Ruppenhofer, Josef and Ellsworth, Michael and Petruck, Miriam RL and Johnson, Christopher R and Scheffczyk, Jan},
  year={2016},
  publisher={Institut f{\"u}r Deutsche Sprache, Bibliothek}
}

@article{miller1995wordnet,
  title={WordNet: a lexical database for English},
  author={Miller, George A},
  journal={Communications of the ACM},
  volume={38},
  number={11},
  pages={39--41},
  year={1995},
  publisher={ACM}
}

@inproceedings{krieger2013efficient,
  title={An efficient implementation of equivalence relations in {OWL} via rule and query rewriting},
  author={Krieger, Hans-Ulrich},
  booktitle={Semantic Computing (ICSC), 2013 IEEE Seventh International Conference on},
  pages={260--263},
  year={2013},
  organization={IEEE}
}

@book{fellbaum1998wordnet,
  title={{WordNet}},
  author={Fellbaum, Christiane},
  year={1998},
  publisher={Wiley Online Library}
}

@thesis{welker2017,
  howpublished={Bachelor's Thesis, Saarland University},
  type = {B.Sc. Thesis},
  author={Anna Welker},
  title={{Wissensbasiertes Dialogmanagement für Social Talk}},
  school={{Universität des Saarlandes}},
  month={11},
  year={2017},
  doi={10.13140/RG.2.2.16423.65441}
}

@thesis{rudibuggerThesis,
  author = {Christophe Biwer},
  title = {{rudibugger - Graphisches Debugging der Dialogmanagementtechnolgie VOnDA}},
  type = {B.Sc. Thesis},
  institution = {Saarland University},
  date = {2017.12.20},
  year = {2017},
  language = {german},
  location = {Saarbrücken},
  doi = {10.13140/RG.2.2.36556.31368},
  howpublished={Bachelor's Thesis, Saarland University},
}

@article{LarssonTraum00,
  author    = {Staffan Larsson and
               David R. Traum},
  title     = {Information state and dialogue management in the {TRINDI} dialogue
               move engine toolkit},
  journal   = {Natural Language Engineering},
  volume    = {6},
  number    = {3{\&}4},
  pages     = {323--340},
  year      = {2000}
}

@incollection{traum2003information,
  title={The information state approach to dialogue management},
  author={Traum, David R and Larsson, Staffan},
  booktitle={Current and new directions in discourse and dialogue},
  pages={325--353},
  year={2003},
  publisher={Springer}
}

@Misc{alize2010,
  key                      = {ALIZ-E},
  Title                    = {{ALIZ-E} project},
  HowPublished             = {http://www.aliz-e.org/},
  Year                     = {2010},
  Keywords                 = {{ALIZE}},
  Owner                    = {Anton},
  Timestamp                = {2015.07.09},
  URL                      = {http://www.aliz-e.org/}
}
